@article{xiao2017fashion,
  title={Fashion-mnist: a novel image dataset for benchmarking machine learning algorithms},
  author={Xiao, Han and Rasul, Kashif and Vollgraf, Roland},
  journal={arXiv preprint arXiv:1708.07747},
  year={2017}
}

@inproceedings{simard2003best,
  title={Best practices for convolutional neural networks applied to visual document analysis.},
  author={Simard, Patrice Y and Steinkraus, David and Platt, John C and others},
  booktitle={Icdar},
  volume={3},
  number={2003},
  year={2003}
}

@article{scher2018toward,
  title={Toward data-driven weather and climate forecasting: Approximating a simple general circulation model with deep learning},
  author={Scher, Sebastian},
  journal={Geophysical Research Letters},
  volume={45},
  number={22},
  pages={12--616},
  year={2018},
  publisher={Wiley Online Library}
}

@inproceedings{paszke2019pytorch,
  title={PyTorch: An imperative style, high-performance deep learning library},
  author={Paszke, Adam and Gross, Sam and Massa, Francisco and Lerer, Adam and Bradbury, James and Chanan, Gregory and Killeen, Trevor and Lin, Zeming and Gimelshein, Natalia and Antiga, Luca and others},
  booktitle={Advances in Neural Information Processing Systems},
  pages={8024--8035},
  year={2019}
}

@article{agarap2018deep,
  title={Deep learning using rectified linear units (relu)},
  author={Agarap, Abien Fred},
  journal={arXiv preprint arXiv:1803.08375},
  year={2018}
}

@article{buda2018systematic,
  title={A systematic study of the class imbalance problem in convolutional neural networks},
  author={Buda, Mateusz and Maki, Atsuto and Mazurowski, Maciej A},
  journal={Neural Networks},
  volume={106},
  pages={249--259},
  year={2018},
  publisher={Elsevier}
}

@inproceedings{su2017learning,
  title={Learning spherical convolution for fast features from 360 imagery},
  author={Su, Yu-Chuan and Grauman, Kristen},
  booktitle={Advances in Neural Information Processing Systems},
  pages={529--539},
  year={2017}
}

@inproceedings{frank2001simple,
  title={A simple approach to ordinal classification},
  author={Frank, Eibe and Hall, Mark},
  booktitle={European Conference on Machine Learning},
  pages={145--156},
  year={2001},
  organization={Springer}
}